<?xml version="1.0" encoding="UTF-8"?><collection xmlns="http://www.loc.gov/MARC21/slim"><record><leader>00556nam--2200181-i-4500</leader><controlfield tag="001">000042586</controlfield><controlfield tag="002">20161230</controlfield><controlfield tag="005">20161230201043</controlfield><controlfield tag="008">060222s1000------------r-----000-0-ger-d</controlfield><datafield ind1=" " ind2=" " tag="040"><subfield code="a">IFIN-HH</subfield></datafield><datafield ind1=" " ind2=" " tag="041"><subfield code="a">ger</subfield></datafield><datafield ind1=" " ind2=" " tag="080"><subfield code="a">539.172.12(043)</subfield></datafield><datafield ind1="1" ind2=" " tag="100"><subfield code="a">Stabler,Albrecht</subfield></datafield><datafield ind1="1" ind2="0" tag="245"><subfield code="a">Die reaktionen 19f(p, lapha)16o fur ep=12.4 bis 18.0 mev und 23 na(p, alpha)20ne fur ep=6.0 bis 18.2 mev</subfield><subfield code="b">Dissertation</subfield><subfield code="c">Albrecht stabler</subfield></datafield><datafield ind1=" " ind2=" " tag="260"><subfield code="a">Tubingen</subfield><subfield code="b">Universitat Zu Tubingen</subfield><subfield code="c">1975</subfield></datafield><datafield ind1=" " ind2=" " tag="300"><subfield code="a">78 P</subfield></datafield><datafield ind1=" " ind2=" " tag="852"><subfield code="a">43427</subfield><subfield code="c">539.17</subfield></datafield><datafield ind1=" " ind2=" " tag="CAT"><subfield code="a">Sys</subfield><subfield code="c">20120614</subfield><subfield code="h">165709</subfield></datafield></record></collection>